% Encoding: UTF-8


@Book{klinov-mm2009,
  Title                    = {Математическое моделирование химико-технологических процессов: учебное пособие},
  Author                   = {Клинов А.В., Мухаметзянова А.Г.},
  Editor                   = {Изд-во Казан. гос. технол. ун-та},
  Publisher                = {Казань},
  Year                     = {2009},

  Owner                    = {manyak},
  Timestamp                = {2017.02.01}
}

@Book{rid1982,
  Title                    = {Свойства газов и жидкостей: Справочное пособие},
  Author                   = {Рид Р., Праусниц Т., Шервуд Т.},
  Publisher                = {Химия},
  Year                     = {1982},

  Owner                    = {manyak},
  Timestamp                = {2017.02.01}
}

@Book{yelles1989,
  Title                    = {Фазовые равновесия в химической технологии: В 2-х ч.},
  Author                   = {С. Уелес},
  Publisher                = {М. Мир},
  Year                     = {1989},

  Owner                    = {manyak},
  Timestamp                = {2017.03.06}
}

@Book{shipachevvs2005,
  Title                    = {Основы высшей математики},
  Author                   = {Шипачев В.С,},
  Editor                   = {"Высшая школа"},
  Publisher                = {М},
  Year                     = {2005},
  Edition                  = {7},

  Owner                    = {manyak},
  Pages                    = {479},
  Timestamp                = {2016.12.28}
}

@Book{kogan1,
  title     = {Равеновесие между жидкостью и паром: Справочное пособие. Том 1},
  publisher = {Издательство «Наука» Москва},
  year      = {1966},
  author    = {Коган В.Б., Фридман В.М., Кафаров В.В.},
  isbn      = {978-5-458-33440-2},
  pages     = {648}
}

@Book{kogan2,
  title     = {Равеновесие между жидкостью и паром: Справочное пособие. Том 2},
  publisher = {Издательство «Наука» Москва},
  year      = {1966},
  author    = {Коган В.Б., Фридман В.М., Кафаров В.В.},
  isbn      = {978-5-458-33440-2},
  pages     = {795}
}

@Book{ditnersky,
  title     = {The basic processes of Chemical Technology A Handbook on designing - 5 th ed., A stereotype. / Osnovnye protsessy i apparaty khimicheskoy tekhnologii Posobie po proektirovaniyu - 5-e izd.,stereotip.},
  publisher = {Alyans},
  year      = {2010},
  isbn      = {978-5-90303487-1}
}

@Book{pavlov,
  title     = {Примеры и задачи по курсу процессов и аппаратов химической технологии},
  publisher = {Издательство: Альянс},
  year      = {2005},
  author    = {Павлов К.Ф., Романков П.Г., Носков А.А.},
  pages     = {568},
}

@Comment{jabref-meta: databaseType:bibtex;}
